<?xml version="1.0" encoding="UTF-8"?>
  <record xmlns="http://www.loc.gov/MARC21/slim" type="Authority">
    <leader>00000nz  a2200000oc 4500</leader>
    <controlfield tag="001">128442751</controlfield>
    <controlfield tag="003">DE-101</controlfield>
    <controlfield tag="005">20211026111145.0</controlfield>
    <controlfield tag="008">031027n||aznnnaabn           | aaa    |c</controlfield>
    <datafield tag="024" ind1="7" ind2=" ">
      <subfield code="a">128442751</subfield>
      <subfield code="0">http://d-nb.info/gnd/128442751</subfield>
      <subfield code="2">gnd</subfield>
    </datafield>
    <datafield tag="035" ind1=" " ind2=" ">
      <subfield code="a">(DE-101)128442751</subfield>
    </datafield>
    <datafield tag="035" ind1=" " ind2=" ">
      <subfield code="a">(DE-588)128442751</subfield>
    </datafield>
    <datafield tag="035" ind1=" " ind2=" ">
      <subfield code="z">(DE-588a)128442751</subfield>
      <subfield code="9">v:zg</subfield>
    </datafield>
    <datafield tag="040" ind1=" " ind2=" ">
      <subfield code="a">DE-23</subfield>
      <subfield code="c">DE-23</subfield>
      <subfield code="9">r:DE-601</subfield>
      <subfield code="b">ger</subfield>
      <subfield code="d">2214</subfield>
    </datafield>
    <datafield tag="042" ind1=" " ind2=" ">
      <subfield code="a">gnd3</subfield>
    </datafield>
    <datafield tag="043" ind1=" " ind2=" ">
      <subfield code="c">XA-DE</subfield>
    </datafield>
    <datafield tag="075" ind1=" " ind2=" ">
      <subfield code="b">p</subfield>
      <subfield code="2">gndgen</subfield>
    </datafield>
    <datafield tag="075" ind1=" " ind2=" ">
      <subfield code="b">piz</subfield>
      <subfield code="2">gndspec</subfield>
    </datafield>
    <datafield tag="079" ind1=" " ind2=" ">
      <subfield code="a">g</subfield>
      <subfield code="q">a</subfield>
      <subfield code="q">f</subfield>
    </datafield>
    <datafield tag="100" ind1="1" ind2=" ">
      <subfield code="a">Roda, Wolfgang Friedrich &#152;von&#156;</subfield>
      <subfield code="d">1661-1721</subfield>
    </datafield>
    <datafield tag="375" ind1=" " ind2=" ">
      <subfield code="a">1</subfield>
      <subfield code="2">iso5218</subfield>
    </datafield>
    <datafield tag="400" ind1="1" ind2=" ">
      <subfield code="a">Roda, Wolfgang Friedrich &#152;von&#156;</subfield>
      <subfield code="c">der Jüngere</subfield>
      <subfield code="d">1661-1721</subfield>
    </datafield>
    <datafield tag="400" ind1="1" ind2=" ">
      <subfield code="a">Roda, Wolffgang Friedrich &#152;von&#156;</subfield>
      <subfield code="d">1661-1721</subfield>
    </datafield>
    <datafield tag="400" ind1="1" ind2=" ">
      <subfield code="a">Roda, Wolfgangus Fridericus &#152;a&#156;</subfield>
      <subfield code="d">1661-1721</subfield>
    </datafield>
    <datafield tag="400" ind1="1" ind2=" ">
      <subfield code="a">Roda, Wolf Friedrich &#152;von&#156;</subfield>
      <subfield code="d">1661-1721</subfield>
    </datafield>
    <datafield tag="400" ind1="1" ind2=" ">
      <subfield code="a">Roda, Wolff Friedrich &#152;von&#156;</subfield>
      <subfield code="d">1661-1721</subfield>
    </datafield>
    <datafield tag="400" ind1="1" ind2=" ">
      <subfield code="a">Roda, Wolff Fridrich &#152;von&#156;</subfield>
      <subfield code="d">1661-1721</subfield>
    </datafield>
    <datafield tag="400" ind1="1" ind2=" ">
      <subfield code="a">Roda, Wolffgang Friedrich &#152;a&#156;</subfield>
      <subfield code="d">1661-1721</subfield>
    </datafield>
    <datafield tag="400" ind1="1" ind2=" ">
      <subfield code="a">Rhoda, Wolfgang Friedrich &#152;von&#156;</subfield>
      <subfield code="d">1661-1721</subfield>
    </datafield>
    <datafield tag="400" ind1="1" ind2=" ">
      <subfield code="a">Roda, W. F. &#152;a&#156;</subfield>
      <subfield code="d">1661-1721</subfield>
    </datafield>
    <datafield tag="500" ind1="1" ind2=" ">
      <subfield code="0">(DE-101)128442700</subfield>
      <subfield code="0">(DE-588)128442700</subfield>
      <subfield code="0">https://d-nb.info/gnd/128442700</subfield>
      <subfield code="a">Roda, Wolfgang Friedrich &#152;von&#156;</subfield>
      <subfield code="d">1633-1699</subfield>
      <subfield code="4">bezf</subfield>
      <subfield code="4">https://d-nb.info/standards/elementset/gnd#familialRelationship</subfield>
      <subfield code="w">r</subfield>
      <subfield code="i">Beziehung familiaer</subfield>
      <subfield code="e">Beziehung familiaer</subfield>
      <subfield code="9">v:Vater</subfield>
    </datafield>
    <datafield tag="500" ind1="1" ind2=" ">
      <subfield code="0">(DE-101)1058425625</subfield>
      <subfield code="0">(DE-588)1058425625</subfield>
      <subfield code="0">https://d-nb.info/gnd/1058425625</subfield>
      <subfield code="a">Roda, Christian &#152;von&#156;</subfield>
      <subfield code="d">1697-1765</subfield>
      <subfield code="4">bezf</subfield>
      <subfield code="4">https://d-nb.info/standards/elementset/gnd#familialRelationship</subfield>
      <subfield code="w">r</subfield>
      <subfield code="i">Beziehung familiaer</subfield>
      <subfield code="e">Beziehung familiaer</subfield>
      <subfield code="9">v:Sohn</subfield>
    </datafield>
    <datafield tag="548" ind1=" " ind2=" ">
      <subfield code="a">1661-1721</subfield>
      <subfield code="4">datl</subfield>
      <subfield code="4">https://d-nb.info/standards/elementset/gnd#dateOfBirthAndDeath</subfield>
      <subfield code="w">r</subfield>
      <subfield code="i">Lebensdaten</subfield>
    </datafield>
    <datafield tag="548" ind1=" " ind2=" ">
      <subfield code="a">01.04.1661-01.04.1721</subfield>
      <subfield code="4">datx</subfield>
      <subfield code="4">https://d-nb.info/standards/elementset/gnd#dateOfBirthAndDeath</subfield>
      <subfield code="w">r</subfield>
      <subfield code="i">Exakte Lebensdaten</subfield>
    </datafield>
    <datafield tag="550" ind1=" " ind2=" ">
      <subfield code="0">(DE-101)041325923</subfield>
      <subfield code="0">(DE-588)4132592-8</subfield>
      <subfield code="0">https://d-nb.info/gnd/4132592-8</subfield>
      <subfield code="a">Pfarrer</subfield>
      <subfield code="4">berc</subfield>
      <subfield code="4">https://d-nb.info/standards/elementset/gnd#professionOrOccupation</subfield>
      <subfield code="w">r</subfield>
      <subfield code="i">Charakteristischer Beruf</subfield>
    </datafield>
    <datafield tag="550" ind1=" " ind2=" ">
      <subfield code="0">(DE-101)041585895</subfield>
      <subfield code="0">(DE-588)4158589-6</subfield>
      <subfield code="0">https://d-nb.info/gnd/4158589-6</subfield>
      <subfield code="a">Gymnasiallehrer</subfield>
      <subfield code="4">beru</subfield>
      <subfield code="4">https://d-nb.info/standards/elementset/gnd#professionOrOccupation</subfield>
      <subfield code="w">r</subfield>
      <subfield code="i">Beruf</subfield>
    </datafield>
    <datafield tag="550" ind1=" " ind2=" ">
      <subfield code="a">Magister</subfield>
      <subfield code="4">akad</subfield>
      <subfield code="4">https://d-nb.info/standards/elementset/gnd#academicDegree</subfield>
      <subfield code="w">r</subfield>
      <subfield code="i">Akademischer Grad</subfield>
    </datafield>
    <datafield tag="551" ind1=" " ind2=" ">
      <subfield code="0">(DE-101)041031695</subfield>
      <subfield code="0">(DE-588)4103169-6</subfield>
      <subfield code="0">https://d-nb.info/gnd/4103169-6</subfield>
      <subfield code="a">Pößneck</subfield>
      <subfield code="4">ortg</subfield>
      <subfield code="4">https://d-nb.info/standards/elementset/gnd#placeOfBirth</subfield>
      <subfield code="w">r</subfield>
      <subfield code="i">Geburtsort</subfield>
    </datafield>
    <datafield tag="551" ind1=" " ind2=" ">
      <subfield code="0">(DE-101)1056942630</subfield>
      <subfield code="0">(DE-588)1056942630</subfield>
      <subfield code="0">https://d-nb.info/gnd/1056942630</subfield>
      <subfield code="a">Zschernitzsch</subfield>
      <subfield code="g">Altenburg</subfield>
      <subfield code="4">orts</subfield>
      <subfield code="4">https://d-nb.info/standards/elementset/gnd#placeOfDeath</subfield>
      <subfield code="w">r</subfield>
      <subfield code="i">Sterbeort</subfield>
    </datafield>
    <datafield tag="551" ind1=" " ind2=" ">
      <subfield code="0">(DE-101)040014096</subfield>
      <subfield code="0">(DE-588)4001409-5</subfield>
      <subfield code="0">https://d-nb.info/gnd/4001409-5</subfield>
      <subfield code="a">Altenburg</subfield>
      <subfield code="g">Thüringen</subfield>
      <subfield code="4">ortw</subfield>
      <subfield code="4">https://d-nb.info/standards/elementset/gnd#placeOfActivity</subfield>
      <subfield code="w">r</subfield>
      <subfield code="i">Wirkungsort</subfield>
    </datafield>
    <datafield tag="551" ind1=" " ind2=" ">
      <subfield code="0">(DE-101)1056942630</subfield>
      <subfield code="0">(DE-588)1056942630</subfield>
      <subfield code="0">https://d-nb.info/gnd/1056942630</subfield>
      <subfield code="a">Zschernitzsch</subfield>
      <subfield code="g">Altenburg</subfield>
      <subfield code="4">ortw</subfield>
      <subfield code="4">https://d-nb.info/standards/elementset/gnd#placeOfActivity</subfield>
      <subfield code="w">r</subfield>
      <subfield code="i">Wirkungsort</subfield>
    </datafield>
    <datafield tag="667" ind1=" " ind2=" ">
      <subfield code="a">12</subfield>
    </datafield>
    <datafield tag="667" ind1=" " ind2=" ">
      <subfield code="a">VD-17</subfield>
    </datafield>
    <datafield tag="667" ind1=" " ind2=" ">
      <subfield code="a">3</subfield>
    </datafield>
    <datafield tag="667" ind1=" " ind2=" ">
      <subfield code="a">VD-18</subfield>
    </datafield>
    <datafield tag="670" ind1=" " ind2=" ">
      <subfield code="a">DbA I 1045, 166-167</subfield>
    </datafield>
    <datafield tag="670" ind1=" " ind2=" ">
      <subfield code="a">Thüringer Pfarrerbuch, Bd. 6 (2013), Nr. 1686</subfield>
    </datafield>
    <datafield tag="672" ind1=" " ind2="0">
      <subfield code="a">Hardt, Johann Gottlieb: Dissertatio anti-cartesiana de sensatione, an in solo fiat cerebro. - 1683</subfield>
    </datafield>
    <datafield tag="678" ind1=" " ind2=" ">
      <subfield code="b">Dt. ev. Theologe und Pädagoge; Schüler in Gera; 1682 Student in Leipzig, 1687 Magister; 1687 Lehrer und 1690 Subrektor am Gymnasium Altenburg; 1691 in Altenburg ordiniert, Pfarrer und Adjunkt in Zschernitzsch</subfield>
    </datafield>
    <datafield tag="913" ind1=" " ind2=" ">
      <subfield code="S">pnd</subfield>
      <subfield code="i">a</subfield>
      <subfield code="a">Roda, Wolfgang Friedrich /von</subfield>
      <subfield code="0">(DE-588a)128442751</subfield>
    </datafield>
  </record>
